@article{wang2024autosurvey:,
  title = {{AutoSurvey: Large Language Models Can Automatically Write Surveys}},
  author = {Yidong Wang and Qi Guo and Wenjin Yao and Hongbo Zhang and Xin Zhang and Zhen Wu and Meishan Zhang and Xinyu Dai and Min Zhang and Qingsong Wen and Wei Ye and Shikun Zhang and Yue Zhang},
  journal = {arXiv preprint arXiv:2406.10252},
  year = {2024},
  url = {http://arxiv.org/pdf/2406.10252v2},
  note = {ArXiv ID: 2406.10252 - Fetched from API}
}

@article{ajith2024litsearch:,
  title = {{LitSearch: A Retrieval Benchmark for Scientific Literature Search}},
  author = {Anirudh Ajith and Mengzhou Xia and Alexis Chevalier and Tanya Goyal and Danqi Chen and Tianyu Gao},
  journal = {arXiv preprint arXiv:2407.18940},
  year = {2024},
  url = {http://arxiv.org/pdf/2407.18940v2},
  note = {ArXiv ID: 2407.18940 - Fetched from API}
}

@article{jin2025search-r1:,
  title = {{Search-R1: Training LLMs to Reason and Leverage Search Engines with Reinforcement Learning}},
  author = {Bowen Jin and Hansi Zeng and Zhenrui Yue and Jinsung Yoon and Sercan Arik and Dong Wang and Hamed Zamani and Jiawei Han},
  journal = {arXiv preprint arXiv:2503.09516},
  year = {2025},
  url = {http://arxiv.org/pdf/2503.09516v5},
  note = {ArXiv ID: 2503.09516 - Fetched from API}
}

@article{jin2025an,
  title = {{An Empirical Study on Reinforcement Learning for Reasoning-Search Interleaved LLM Agents}},
  author = {Bowen Jin and Jinsung Yoon and Priyanka Kargupta and Sercan O. Arik and Jiawei Han},
  journal = {arXiv preprint arXiv:2505.15117},
  year = {2025},
  url = {http://arxiv.org/pdf/2505.15117v1},
  note = {ArXiv ID: 2505.15117 - Fetched from API}
}

@article{he2025pasa:,
  title = {{PaSa: An LLM Agent for Comprehensive Academic Paper Search}},
  author = {Yichen He and Guanhua Huang and Peiyuan Feng and Yuan Lin and Yuchen Zhang and Hang Li and Weinan E},
  journal = {arXiv preprint arXiv:2501.10120},
  year = {2025},
  url = {http://arxiv.org/pdf/2501.10120v2},
  note = {ArXiv ID: 2501.10120 - Fetched from API}
}



@article{huang2025gemini,
  title = {{Gemini 2.5 Pro Capable of Winning Gold at IMO 2025}},
  author = {Yichen Huang and Lin F. Yang},
  journal = {arXiv preprint arXiv:2507.15855},
  year = {2025},
  url = {http://arxiv.org/pdf/2507.15855v3},
  note = {ArXiv ID: 2507.15855 - Fetched from API}
}

