@article{wang2024autosurvey:,
  title = {{AutoSurvey: Large Language Models Can Automatically Write Surveys}},
  author = {Yidong Wang and Qi Guo and Wenjin Yao and Hongbo Zhang and Xin Zhang and Zhen Wu and Meishan Zhang and Xinyu Dai and Min Zhang and Qingsong Wen and Wei Ye and Shikun Zhang and Yue Zhang},
  journal = {arXiv preprint arXiv:2406.10252},
  year = {2024},
  url = {http://arxiv.org/pdf/2406.10252v2},
  note = {ArXiv ID: 2406.10252 - Fetched from API}
}