@article{jin2025search-r1:,
  title = {{Search-R1: Training LLMs to Reason and Leverage Search Engines with Reinforcement Learning}},
  author = {Bowen Jin and Hansi Zeng and Zhenrui Yue and Jinsung Yoon and Sercan Arik and Dong Wang and Hamed Zamani and Jiawei Han},
  journal = {arXiv preprint arXiv:2503.09516},
  year = {2025},
  url = {http://arxiv.org/pdf/2503.09516v5},
  note = {ArXiv ID: 2503.09516 - Fetched from API}
}