@article{ajith2024litsearch:,
  title = {{LitSearch: A Retrieval Benchmark for Scientific Literature Search}},
  author = {Anirudh Ajith and Mengzhou Xia and Alexis Chevalier and Tanya Goyal and Danqi Chen and Tianyu Gao},
  journal = {arXiv preprint arXiv:2407.18940},
  year = {2024},
  url = {http://arxiv.org/pdf/2407.18940v2},
  note = {ArXiv ID: 2407.18940 - Fetched from API}
}