@article{he2025pasa:,
  title = {{PaSa: An LLM Agent for Comprehensive Academic Paper Search}},
  author = {Yichen He and Guanhua Huang and Peiyuan Feng and Yuan Lin and Yuchen Zhang and Hang Li and Weinan E},
  journal = {arXiv preprint arXiv:2501.10120},
  year = {2025},
  url = {http://arxiv.org/pdf/2501.10120v2},
  note = {ArXiv ID: 2501.10120 - Fetched from API}
}