@article{jin2025an,
  title = {{An Empirical Study on Reinforcement Learning for Reasoning-Search Interleaved LLM Agents}},
  author = {Bowen Jin and Jinsung Yoon and Priyanka Kargupta and Sercan O. Arik and Jiawei Han},
  journal = {arXiv preprint arXiv:2505.15117},
  year = {2025},
  url = {http://arxiv.org/pdf/2505.15117v1},
  note = {ArXiv ID: 2505.15117 - Fetched from API}
}