@article{huang2025gemini,
  title = {{Gemini 2.5 Pro Capable of Winning Gold at IMO 2025}},
  author = {Yichen Huang and Lin F. Yang},
  journal = {arXiv preprint arXiv:2507.15855},
  year = {2025},
  url = {http://arxiv.org/pdf/2507.15855v3},
  note = {ArXiv ID: 2507.15855 - Fetched from API}
}