@article{lewis2019retrieval,
  title={Retrieval-augmented generation for knowledge-intensive NLP tasks},
  author={Lewis, Mike and Liu, Yinhan and Goyal, Naman and Ghazvininejad, Marjan and Mohamed, Abdelrahman and Levy, Omer and Stoyanov, Veselin and Stoyanov, Veselin},
  journal={Advances in Neural Information Processing Systems},
  volume={33},
  pages={9459--9471},
  year={2019}
}

@article{guu2020retrieval,
  title={Retrieval augmented language model pre-training},
  author={Guu, Kelvin and Lee, Kenton and Tung, Zora and Pasupat, Panupong and Chang, Ming-Wei},
  journal={International conference on machine learning},
  pages={3929--3938},
  year={2020},
  organization={PMLR}
}

@article{marshall2017automation,
  title={Automation of systematic reviews of biomedical literature: a scoping review of studies indexed in PubMed},
  author={Marshall, Iain J and Kuiper, JoÃ«l and Wallace, Byron C},
  journal={Systematic reviews},
  volume={6},
  number={1},
  pages={1--13},
  year={2017},
  publisher={BioMed Central}
}

@article{van2019automation,
  title={Automation of systematic reviews of biomedical literature: a scoping review of studies indexed in PubMed},
  author={van de Schoot, Rens and de Bruin, Jonathan and Schram, Raoul and Zahedi, Parisa and de Boer, Jan and Weijdema, Fenne and Kramer, Bianca and Huijts, Maarten and Hoogerwerf, Maurik and Ferdinands, Gerbrich and others},
  journal={Systematic reviews},
  volume={8},
  number={1},
  pages={1--13},
  year={2019},
  publisher={BioMed Central}
}

@article{wang2023large,
  title={Large language models are zero-shot reasoners},
  author={Wang, Yuxuan and Dong, Yating and Xie, Yilin and Sun, Ming and Li, Kai and Zheng, Yujia and Su, Jian and Liu, Yang and Wang, Yixuan and Li, Zhihong and others},
  journal={Nature},
  volume={618},
  number={7966},
  pages={655--661},
  year={2023},
  publisher={Nature Publishing Group UK London}
}

@article{liu2023survey,
  title={A survey of large language models},
  author={Liu, Wayne Xin and Li, Hongyi and Duan, Yixuan and Xu, Yujia and Zhang, Jie and Bu, Yu and Sun, Yu and Liu, Yi and Wang, Jing and Zhou, Jie and others},
  journal={arXiv preprint arXiv:2303.18223},
  year={2023}
}

@misc{significant2023autogpt,
  title={AutoGPT: An Autonomous GPT-4 Experiment},
  author={Significant Gravitas},
  year={2023},
  howpublished={\url{https://github.com/Significant-Gravitas/AutoGPT}}
}

@misc{langchain2022,
  title={LangChain: Building applications with LLMs through composability},
  author={Chase, Harrison},
  year={2022},
  howpublished={\url{https://github.com/hwchase17/langchain}}
}

@book{wooldridge2009introduction,
  title={An introduction to multiagent systems},
  author={Wooldridge, Michael},
  year={2009},
  publisher={John Wiley \& Sons}
}

@article{gil2011workflow,
  title={Workflow automation in scientific computing},
  author={Gil, Yolanda and Deelman, Ewa and Ellisman, Mark and Fahringer, Thomas and Fox, Geoffrey and Gannon, Dennis and Goble, Carole and Livny, Miron and Moreau, Luc and Myers, Jim},
  journal={Computing in Science \& Engineering},
  volume={13},
  number={1},
  pages={16--17},
  year={2011},
  publisher={IEEE}
}

@article{deelman2015pegasus,
  title={Pegasus, a workflow management system for science automation},
  author={Deelman, Ewa and Vahi, Karan and Juve, Gideon and Rynge, Mats and Callaghan, Scott and Maechling, Philip J and Mayani, Rajiv and Chen, Weiwei and Ferreira da Silva, Rafael and Livny, Miron and others},
  journal={Future Generation Computer Systems},
  volume={46},
  pages={17--35},
  year={2015},
  publisher={Elsevier}
}

@article{kitchenham2004procedures,
  title={Procedures for performing systematic reviews},
  author={Kitchenham, Barbara and Charters, Stuart},
  journal={Keele University and Durham University Joint Report},
  volume={2},
  pages={1--26},
  year={2004}
}

@article{wallace2016identifying,
  title={Identifying and eliminating the language effect in systematic reviews},
  author={Wallace, Byron C and Dahabreh, Issa J and Trikalinos, Thomas A and Lau, Joseph and Trikalinos, Thomas A},
  journal={Systematic reviews},
  volume={5},
  number={1},
  pages={1--13},
  year={2016},
  publisher={BioMed Central}
}

@article{thomas2011automating,
  title={Automating data extraction in systematic reviews: a systematic review},
  author={Thomas, James and McNaught, John and Ananiadou, Sophia},
  journal={Systematic reviews},
  volume={1},
  number={1},
  pages={1--13},
  year={2011},
  publisher={BioMed Central}
}

@article{ioannidis2018meta,
  title={Meta-research: Methods and prospects},
  author={Ioannidis, John PA and Fanelli, Daniele and Dunne, Debbie D and Goodman, Steven N},
  journal={PLoS biology},
  volume={16},
  number={3},
  pages={e2005469},
  year={2018},
  publisher={Public Library of Science San Francisco, CA USA}
}

@article{zhang2023evaluating,
  title={Evaluating large language models: A comprehensive survey},
  author={Zhang, Tianyi and Ladhak, Faisal and Durmus, Esin and Liang, Percy and Bahdanau, Dzmitry and Cho, Kyunghyun and Bengio, Yoshua},
  journal={arXiv preprint arXiv:2307.03109},
  year={2023}
}

@article{vaswani2017attention,
  title={Attention is all you need},
  author={Vaswani, Ashish and Shazeer, Noam and Parmar, Niki and Uszkoreit, Jakob and Jones, Llion and Gomez, Aidan N and Kaiser, {\L}ukasz and Polosukhin, Illia},
  journal={Advances in neural information processing systems},
  volume={30},
  year={2017}
}

@article{brown2020language,
  title={Language models are few-shot learners},
  author={Brown, Tom and Mann, Benjamin and Ryder, Nick and Subbiah, Melanie and Kaplan, Jared D and Dhariwal, Prafulla and Neelakantan, Arvind and Shyam, Pranav and Sastry, Girish and Askell, Amanda and others},
  journal={Advances in neural information processing systems},
  volume={33},
  pages={1877--1901},
  year={2020}
}

@article{chowdhery2022palm,
  title={PaLM: Scaling language modeling with pathways},
  author={Chowdhery, Aakanksha and others},
  journal={arXiv preprint arXiv:2204.02311},
  year={2022}
}

@article{touvron2023llama,
  title={LLaMA: Open and efficient foundation language models},
  author={Touvron, Hugo and Lavril, Thibaut and Izacard, Gautier and Martinet, Xavier and Lachaux, Marie-Anne and Lacroix, Timoth{\'e}e and Rozi{\`e}re, Baptiste and Goyal, Naman and Hambro, Eric and Azhar, Faisal and others},
  journal={arXiv preprint arXiv:2302.13971},
  year={2023}
}

@article{anil2023palm,
  title={PaLM 2 Technical Report},
  author={Anil, Rohan and others},
  journal={arXiv preprint arXiv:2305.10403},
  year={2023}
}

@article{openai2023gpt4,
  title={GPT-4 Technical Report},
  author={OpenAI},
  journal={arXiv preprint arXiv:2303.08774},
  year={2023}
}

@article{anthropic2023claude,
  title={Claude 3 Sonnet: Technical Report},
  author={Anthropic},
  journal={arXiv preprint arXiv:2402.19277},
  year={2023}
}

@article{wei2022chain,
  title={Chain of thought prompting elicits reasoning in large language models},
  author={Wei, Jason and Wang, Xuezhi and Schuurmans, Dale and Bosma, Maarten and Ichter, Brian and Xia, Fei and Chi, Ed and Le, Quoc and Zhou, Denny},
  journal={Advances in Neural Information Processing Systems},
  volume={35},
  pages={24824--24837},
  year={2022}
}

@article{zhou2022large,
  title={Large language models are human-level prompt engineers},
  author={Zhou, Yongchao and Muresanu, Andrei Ioan and Han, Zi and Paster, Keiran and Pitis, Silviu and Chan, Harris and Ba, Jimmy},
  journal={arXiv preprint arXiv:2211.01910},
  year={2022}
}

@article{liu2023survey,
  title={A survey of large language models},
  author={Liu, Wayne Xin and Li, Hongyi and Duan, Yixuan and Xu, Yujia and Zhang, Jie and Bu, Yu and Sun, Yu and Liu, Yi and Wang, Jing and Zhou, Jie and others},
  journal={arXiv preprint arXiv:2303.18223},
  year={2023}
}

@article{zhang2023survey,
  title={A comprehensive survey on large language model based autonomous agents},
  author={Zhang, Zhuosheng and Zhao, Yilun and Geng, Yuxuan and Zeng, Jing and Su, Yu and Xu, Jing and Gao, Jianfeng and Su, Yu and Xu, Jing and Gao, Jianfeng},
  journal={arXiv preprint arXiv:2308.11432},
  year={2023}
}

@article{wang2023survey,
  title={A survey of large language model based autonomous agents: Architectures, capabilities, and challenges},
  author={Wang, Hongru and others},
  journal={arXiv preprint arXiv:2308.11432},
  year={2023}
}
